Best MLP and DT hybridisation method description
@article{Banerjee1997,
    title = {Initializing neural networks using decision trees},
    author = {Banerjee, Arunava},
    journal = {Computational learning theory and natural learning systems},
    volume = {IV},
    year = {1997},
    pages = {3--15},
} 

Thesis: combining DT with ANN
@phdthesis{RountreePhDThesis,
       author  = {Nathan Rountree},
       title   = {Initialising Neural Networks with Prior Knowledge},
       school  = {University of Otago, Dunedin, New Zealand},
       year    = {2006},
       month   = {September},
}

Book: Žinių išgavimas iš duomenų
@book{RaudysZiniuIsgavimas2008,
        author      = {{\"S}arūnas Raudys},
        title       = {{\"Z}inių i{\"s}gavimas i{\"s} duomenų}, 
        publisher   = {Klaip{\'e}dos universiteto leidykla},
        year        = {2008},
}
